@book{laski2009software,
  title     = {{Software Verification and Analysis}},
  author    = {Laski, J. and Stanley, W.},
  isbn      = {9781848822405},
  url       = {http://books.google.rs/books?id=5hFnaDQ1jiAC},
  year      = {2009},
  publisher = {Springer-Verlag},
  address   = {London}
}


@article{haltingproblem,
    author               = {Turing, A. M.},
    citeulike-article-id = {155758},
    journal              = {Proceedings of the London Mathematical Society},
    keywords             = {computability, entscheidungsproblem, turing},
    number               = {42},
    pages                = {230--265},
    posted-at            = {2005-04-08 18:11:59},
    priority             = {0},
    title                = {{On Computable Numbers, with an application to the Entscheidungsproblem}},
    volume               = {2},
    year                 = {1936}
}

@article{ hindawi, 
    author = {Beatriz A. Garro and Roberto A. VÃ¡zquez},
    year   = {2 June 2015},
    title  = {{Designing Artificial Neural Networks Using Particle Swarm Optimization Algorithms}}
}

@book{pso,
    author = {Maurice Clerc},
    title  = {Particle Swarm Optimization },
    year   = {2005}
}

@misc{ website,
    title      = {{Internet Archive Wayback Machine}},
    note       = {on-line at: \url{https://web.archive.org/web/20090215055110/http://learnartificialneuralnetworks.com/#Intro}}
}
