@article{ hindawi, 
    author = {Beatriz A. Garro and Roberto A. VÃ¡zquez},
    year   = {2 June 2015},
    title  = {{Designing Artificial Neural Networks Using Particle Swarm Optimization Algorithms}}
}

@book{pso,
    author = {Maurice Clerc},
    title  = {Particle Swarm Optimization },
    year   = {2005}
}

@misc{ website,
    title      = {{Internet Archive Wayback Machine}},
    note       = {on-line at: \url{https://web.archive.org/web/20090215055110/http://learnartificialneuralnetworks.com/#Intro}}
}


@misc{ keraswebsite,
    title      = {{Keras}},
    note       = {on-line at: \url{https://keras.io/}}
}

@book{PSOANN,
    author = {J. Yu and L. Xi and S. Wang},
    title  = {An improved particle swarm optimization for evolving feedforward artificial neural networks},
    publisher = {Neural Processing Letters vol 26 no 3},
    year   = {2007},
    pages  = {217--231}
}
